@inproceedings{nanni2018entity,
author = {Nanni, Federico and Ponzetto, Simone Paolo and Dietz, Laura},
title = {Entity-Aspect Linking: Providing Fine-Grained Semantics of Entities in Context},
year = {2018},
isbn = {9781450351782},
publisher = {Association for Computing Machinery},
address = {New York, NY, USA},
url = {https://doi.org/10.1145/3197026.3197047},
doi = {10.1145/3197026.3197047},
booktitle = {Proceedings of the 18th ACM/IEEE on Joint Conference on Digital Libraries},
pages = {49–58},
numpages = {10},
keywords = {information retrieval, entity-aspects, entities, knowledge bases, wikification},
location = {Fort Worth, Texas, USA},
series = {JCDL ’18}
}
  
